\begin{document}
\begin{thebibliography}{9}

@book{book:909085,
   title =     {The Early Universe},
   author =    {{Kolb} E.~W, {Turner} M.~S},
   publisher = {Addison-Wesley },
   isbn =      {0201116030,9780201116038,0201626748,9780201626742},
   year =      {1988},
   series =    {Frontiers in Physics, v. 69},
   url =       {http://gen.lib.rus.ec/book/index.php?md5=9EF28F934B0B80E2FE7A6921BEFA4D4E}}
}

@ARTICLE{2015arXiv150201967R,
   author = {{Rushkin}, I.},
    title = "{Optimizing the Ptolemaic Model of Planetary and Solar Motion}",
  journal = {ArXiv e-prints},
archivePrefix = "arXiv",
   eprint = {1502.01967},
 keywords = {Physics - History and Philosophy of Physics},
     year = 2015,
    month = feb,
   adsurl = {http://adsabs.harvard.edu/abs/2015arXiv150201967R},
  adsnote = {Provided by the SAO/NASA Astrophysics Data System}
}

@ARTICLE{2015arXiv150704654N,
   author = {{Nesvorny}, D. and {Roig}, F.},
    title = "{The Changing Perception of the Solar System}",
  journal = {ArXiv e-prints},
archivePrefix = "arXiv",
   eprint = {1507.04654},
 primaryClass = "astro-ph.EP",
 keywords = {Astrophysics - Earth and Planetary Astrophysics},
     year = 2015,
    month = jul,
   adsurl = {http://adsabs.harvard.edu/abs/2015arXiv150704654N},
  adsnote = {Provided by the SAO/NASA Astrophysics Data System}
}

@ARTICLE{2018EPJH...43...73O,
   author = {{O'Raifeartaigh}, C. and {O'Keeffe}, M. and {Nahm}, W. and {Mitton}, S.
	},
    title = "{One hundred years of the cosmological constant: from ``superfluous stunt'' to dark energy}",
  journal = {European Physical Journal H},
archivePrefix = "arXiv",
   eprint = {1711.06890},
     year = 2018,
    month = may,
   volume = 43,
      doi = {10.1140/epjh/e2017-80061-7},
   adsurl = {http://adsabs.harvard.edu/abs/2018EPJH...43...73O},
  adsnote = {Provided by the SAO/NASA Astrophysics Data System}
}


@ARTICLE{2003RvMP...75..559P,
   author = {{Peebles}, P.~J. and {Ratra}, B.},
    title = "{The cosmological constant and dark energy}",
  journal = {Reviews of Modern Physics},
   eprint = {astro-ph/0207347},
 keywords = {Dark matter, Mathematical and relativistic aspects of cosmology, Surveys and tutorial papers, resource letters},
     year = 2003,
    month = apr,
   volume = 75,
    pages = {559-606},
      doi = {10.1103/RevModPhys.75.559},
   adsurl = {http://adsabs.harvard.edu/abs/2003RvMP...75..559P},
  adsnote = {Provided by the SAO/NASA Astrophysics Data System}
}

@ARTICLE{1929PNAS...15..168H,
   author = {{Hubble}, E.},
    title = "{A Relation between Distance and Radial Velocity among Extra-Galactic Nebulae}",
  journal = {Proceedings of the National Academy of Science},
     year = 1929,
    month = mar,
   volume = 15,
    pages = {168-173},
      doi = {10.1073/pnas.15.3.168},
   adsurl = {http://adsabs.harvard.edu/abs/1929PNAS...15..168H},
  adsnote = {Provided by the SAO/NASA Astrophysics Data System}
}

@ARTICLE{1998AJ....116.1009R,
   author = {{Riess}, A.~G. and {Filippenko}, A.~V. and {Challis}, P. and 
	{Clocchiatti}, A. and {Diercks}, A. and {Garnavich}, P.~M. and 
	{Gilliland}, R.~L. and {Hogan}, C.~J. and {Jha}, S. and {Kirshner}, R.~P. and 
	{Leibundgut}, B. and {Phillips}, M.~M. and {Reiss}, D. and {Schmidt}, B.~P. and 
	{Schommer}, R.~A. and {Smith}, R.~C. and {Spyromilio}, J. and 
	{Stubbs}, C. and {Suntzeff}, N.~B. and {Tonry}, J.},
    title = "{Observational Evidence from Supernovae for an Accelerating Universe and a Cosmological Constant}",
  journal = {\aj},
   eprint = {astro-ph/9805201},
 keywords = {COSMOLOGY: OBSERVATIONS, STARS: SUPERNOVAE: GENERAL},
     year = 1998,
    month = sep,
   volume = 116,
    pages = {1009-1038},
      doi = {10.1086/300499},
   adsurl = {http://adsabs.harvard.edu/abs/1998AJ....116.1009R},
  adsnote = {Provided by the SAO/NASA Astrophysics Data System}
}

@ARTICLE{1999ApJ...517..565P,
   author = {{Perlmutter}, S. and {Aldering}, G. and {Goldhaber}, G. and 
	{Knop}, R.~A. and {Nugent}, P. and {Castro}, P.~G. and {Deustua}, S. and 
	{Fabbro}, S. and {Goobar}, A. and {Groom}, D.~E. and {Hook}, I.~M. and 
	{Kim}, A.~G. and {Kim}, M.~Y. and {Lee}, J.~C. and {Nunes}, N.~J. and 
	{Pain}, R. and {Pennypacker}, C.~R. and {Quimby}, R. and {Lidman}, C. and 
	{Ellis}, R.~S. and {Irwin}, M. and {McMahon}, R.~G. and {Ruiz-Lapuente}, P. and 
	{Walton}, N. and {Schaefer}, B. and {Boyle}, B.~J. and {Filippenko}, A.~V. and 
	{Matheson}, T. and {Fruchter}, A.~S. and {Panagia}, N. and {Newberg}, H.~J.~M. and 
	{Couch}, W.~J. and {Project}, T.~S.~C.},
    title = "{Measurements of {$\Omega$} and {$\Lambda$} from 42 High-Redshift Supernovae}",
  journal = {\apj},
   eprint = {astro-ph/9812133},
 keywords = {COSMOLOGY: OBSERVATIONS, COSMOLOGY: DISTANCE SCALE, STARS: SUPERNOVAE: GENERAL, Cosmology: Observations, Cosmology: Distance Scale, Stars: Supernovae: General},
     year = 1999,
    month = jun,
   volume = 517,
    pages = {565-586},
      doi = {10.1086/307221},
   adsurl = {http://adsabs.harvard.edu/abs/1999ApJ...517..565P},
  adsnote = {Provided by the SAO/NASA Astrophysics Data System}
}

@ARTICLE{2008ARA&A..46..385F,
   author = {{Frieman}, J.~A. and {Turner}, M.~S. and {Huterer}, D.},
    title = "{Dark Energy and the Accelerating Universe}",
  journal = {\araa},
archivePrefix = "arXiv",
   eprint = {0803.0982},
     year = 2008,
    month = sep,
   volume = 46,
    pages = {385-432},
      doi = {10.1146/annurev.astro.46.060407.145243},
   adsurl = {http://adsabs.harvard.edu/abs/2008ARA%26A..46..385F},
  adsnote = {Provided by the SAO/NASA Astrophysics Data System}
}

@ARTICLE{2015Sci...349..849H,
   author = {{Hamilton}, P. and {Jaffe}, M. and {Haslinger}, P. and {Simmons}, Q. and 
	{M{\"u}ller}, H. and {Khoury}, J.},
    title = "{Atom-interferometry constraints on dark energy}",
  journal = {Science},
archivePrefix = "arXiv",
   eprint = {1502.03888},
 primaryClass = "physics.atom-ph",
     year = 2015,
    month = aug,
   volume = 349,
    pages = {849-851},
      doi = {10.1126/science.aaa8883},
   adsurl = {http://adsabs.harvard.edu/abs/2015Sci...349..849H},
  adsnote = {Provided by the SAO/NASA Astrophysics Data System}
}

@ARTICLE{11,
   author = {{Lazio}, J. and {Loeb}, A. and {Aguirre}, J. and {Bowman}, J. and 
	{Burns}, J. and {Dore}, O. and {Furlanetto}, S. and {Lonsdale}, C. and {Parsons}, A. and {Pober}, J.},
    title = "{Probing the Dark Ages and Cosmic Dawn with Neutral Hydrogen}",
  journal = {Science},
     year = 2016,
   url = {https://cor.gsfc.nasa.gov/copag/probe-study/COPAG_Probe_DarkAges-CosmicDawn-v3.pdf},
}

@ARTICLE{2017arXiv170808521D,
   author = {{Deng}, M. and {Campbell-Wilson}, D. and {for the CHIME Collaboration}
	},
    title = "{The cloverleaf antenna: A compact wide-bandwidth dual-polarization feed for CHIME}",
  journal = {ArXiv e-prints},
archivePrefix = "arXiv",
   eprint = {1708.08521},
 primaryClass = "astro-ph.IM",
 keywords = {Astrophysics - Instrumentation and Methods for Astrophysics},
     year = 2017,
    month = aug,
   adsurl = {http://adsabs.harvard.edu/abs/2017arXiv170808521D},
  adsnote = {Provided by the SAO/NASA Astrophysics Data System}
}

@ARTICLE{2014ApJ...782L...9V,
   author = {{Voytek}, T.~C. and {Natarajan}, A. and {J{\'a}uregui Garc{\'{\i}}a}, J.~M. and 
	{Peterson}, J.~B. and {L{\'o}pez-Cruz}, O.},
    title = "{Probing the Dark Ages at z \~{} 20: The SCI-HI 21 cm All-sky Spectrum Experiment}",
  journal = {\apjl},
archivePrefix = "arXiv",
   eprint = {1311.0014},
 keywords = {cosmology: observations, dark ages, reionization, first stars, methods: observational, radio continuum: general},
     year = 2014,
    month = feb,
   volume = 782,
      eid = {L9},
    pages = {L9},
      doi = {10.1088/2041-8205/782/1/L9},
   adsurl = {http://adsabs.harvard.edu/abs/2014ApJ...782L...9V},
  adsnote = {Provided by the SAO/NASA Astrophysics Data System}
}

@ARTICLE{2013PhRvD..87d3002L,
   author = {{Liu}, A. and {Pritchard}, J.~R. and {Tegmark}, M. and {Loeb}, A.
	},
    title = "{Global 21 cm signal experiments: A designer's guide}",
  journal = {\prd},
archivePrefix = "arXiv",
   eprint = {1211.3743},
 primaryClass = "astro-ph.CO",
 keywords = {Observation and data reduction techniques, computer modeling and simulation, Mathematical procedures and computer techniques, Cosmology, Observational cosmology},
     year = 2013,
    month = feb,
   volume = 87,
   number = 4,
      eid = {043002},
    pages = {043002},
      doi = {10.1103/PhysRevD.87.043002},
   adsurl = {http://adsabs.harvard.edu/abs/2013PhRvD..87d3002L},
  adsnote = {Provided by the SAO/NASA Astrophysics Data System}
}

@ARTICLE{16,
   author = {{Liu}, L. and {Chronopoulos)}, C.},
    title = "{The Hydrogen 21-cm Line and Its Applications to Radio Astrophysics}",
  journal = {Astrophysics},
     year = 2008,
    month = mar,
   url = {http://web.mit.edu/lululiu/Public/8.14/21cm/21cm.pdf},
}

@book{book:832129,
   title =     {Physics for Scientists & Engineers with Modern Physics (4th Edition) 1, 2, 3.},
   author =    {Douglas C. Giancoli},
   publisher = {Pearson Prentice Hall},
   isbn =      {0131495089,9780131495081,0321542142,9780321542144},
   year =      {2008},
   edition =   {4th edition},
   pages =     {260-261},
   url =       {http://gen.lib.rus.ec/book/index.php?md5=867E74BB25C30D895AC60E0EB937298A}}
}

@book{book:2119950,
   title =     {An Introduction to Modern Astrophysics},
   author =    {Bradley W. Carroll, Dale A. Ostlie},
   publisher = {Pearson},
   isbn =      {1-292-02293-0, 978-1-292-02293-2},
   year =      {2014},
   series =    {},
   edition =   {2},
   volume =    {},
   url =       {http://gen.lib.rus.ec/book/index.php?md5=5FE4606820ACE887AC30FF255BF0F800}}
}

@ARTICLE{2009IEEEP..97.1497L,
   author = {{Lonsdale}, C.~J. and {Cappallo}, R.~J. and {Morales}, M.~F. and 
	{Briggs}, F.~H. and {Benkevitch}, L. and {Bowman}, J.~D. and 
	{Bunton}, J.~D. and {Burns}, S. and {Corey}, B.~E. and {Desouza}, L. and 
	{Doeleman}, S.~S. and {Derome}, M. and {Deshpande}, A. and {Gopala}, M.~R. and 
	{Greenhill}, L.~J. and {Herne}, D.~E. and {Hewitt}, J.~N. and 
	{Kamini}, P.~A. and {Kasper}, J.~C. and {Kincaid}, B.~B. and 
	{Kocz}, J. and {Kowald}, E. and {Kratzenberg}, E. and {Kumar}, D. and 
	{Lynch}, M.~J. and {Madhavi}, S. and {Matejek}, M. and {Mitchell}, D.~A. and 
	{Morgan}, E. and {Oberoi}, D. and {Ord}, S. and {Pathikulangara}, J. and 
	{Prabu}, T. and {Rogers}, A. and {Roshi}, A. and {Salah}, J.~E. and 
	{Sault}, R.~J. and {Shankar}, N.~U. and {Srivani}, K.~S. and 
	{Stevens}, J. and {Tingay}, S. and {Vaccarella}, A. and {Waterson}, M. and 
	{Wayth}, R.~B. and {Webster}, R.~L. and {Whitney}, A.~R. and 
	{Williams}, A. and {Williams}, C.},
    title = "{The Murchison Widefield Array: Design Overview}",
  journal = {IEEE Proceedings},
archivePrefix = "arXiv",
   eprint = {0903.1828},
 primaryClass = "astro-ph.IM",
     year = 2009,
    month = aug,
   volume = 97,
    pages = {1497-1506},
      doi = {10.1109/JPROC.2009.2017564},
   adsurl = {http://adsabs.harvard.edu/abs/2009IEEEP..97.1497L},
  adsnote = {Provided by the SAO/NASA Astrophysics Data System}
}

@ARTICLE{2013A&A...556A...2V,
   author = {{van Haarlem}, M.~P. and {Wise}, M.~W. and {Gunst}, A.~W. and 
	{Heald}, G. and {McKean}, J.~P. and {Hessels}, J.~W.~T. and 
	{de Bruyn}, A.~G. and {Nijboer}, R. and {Swinbank}, J. and {Fallows}, R. and 
	{Brentjens}, M. and {Nelles}, A. and {Beck}, R. and {Falcke}, H. and 
	{Fender}, R. and {H{\"o}randel}, J. and {Koopmans}, L.~V.~E. and 
	{Mann}, G. and {Miley}, G. and {R{\"o}ttgering}, H. and {Stappers}, B.~W. and 
	{Wijers}, R.~A.~M.~J. and {Zaroubi}, S. and {van den Akker}, M. and 
	{Alexov}, A. and {Anderson}, J. and {Anderson}, K. and {van Ardenne}, A. and 
	{Arts}, M. and {Asgekar}, A. and {Avruch}, I.~M. and {Batejat}, F. and 
	{B{\"a}hren}, L. and {Bell}, M.~E. and {Bell}, M.~R. and {van Bemmel}, I. and 
	{Bennema}, P. and {Bentum}, M.~J. and {Bernardi}, G. and {Best}, P. and 
	{B{\^i}rzan}, L. and {Bonafede}, A. and {Boonstra}, A.-J. and 
	{Braun}, R. and {Bregman}, J. and {Breitling}, F. and {van de Brink}, R.~H. and 
	{Broderick}, J. and {Broekema}, P.~C. and {Brouw}, W.~N. and 
	{Br{\"u}ggen}, M. and {Butcher}, H.~R. and {van Cappellen}, W. and 
	{Ciardi}, B. and {Coenen}, T. and {Conway}, J. and {Coolen}, A. and 
	{Corstanje}, A. and {Damstra}, S. and {Davies}, O. and {Deller}, A.~T. and 
	{Dettmar}, R.-J. and {van Diepen}, G. and {Dijkstra}, K. and 
	{Donker}, P. and {Doorduin}, A. and {Dromer}, J. and {Drost}, M. and 
	{van Duin}, A. and {Eisl{\"o}ffel}, J. and {van Enst}, J. and 
	{Ferrari}, C. and {Frieswijk}, W. and {Gankema}, H. and {Garrett}, M.~A. and 
	{de Gasperin}, F. and {Gerbers}, M. and {de Geus}, E. and {Grie{\ss}meier}, J.-M. and 
	{Grit}, T. and {Gruppen}, P. and {Hamaker}, J.~P. and {Hassall}, T. and 
	{Hoeft}, M. and {Holties}, H.~A. and {Horneffer}, A. and {van der Horst}, A. and 
	{van Houwelingen}, A. and {Huijgen}, A. and {Iacobelli}, M. and 
	{Intema}, H. and {Jackson}, N. and {Jelic}, V. and {de Jong}, A. and 
	{Juette}, E. and {Kant}, D. and {Karastergiou}, A. and {Koers}, A. and 
	{Kollen}, H. and {Kondratiev}, V.~I. and {Kooistra}, E. and 
	{Koopman}, Y. and {Koster}, A. and {Kuniyoshi}, M. and {Kramer}, M. and 
	{Kuper}, G. and {Lambropoulos}, P. and {Law}, C. and {van Leeuwen}, J. and 
	{Lemaitre}, J. and {Loose}, M. and {Maat}, P. and {Macario}, G. and 
	{Markoff}, S. and {Masters}, J. and {McFadden}, R.~A. and {McKay-Bukowski}, D. and 
	{Meijering}, H. and {Meulman}, H. and {Mevius}, M. and {Middelberg}, E. and 
	{Millenaar}, R. and {Miller-Jones}, J.~C.~A. and {Mohan}, R.~N. and 
	{Mol}, J.~D. and {Morawietz}, J. and {Morganti}, R. and {Mulcahy}, D.~D. and 
	{Mulder}, E. and {Munk}, H. and {Nieuwenhuis}, L. and {van Nieuwpoort}, R. and 
	{Noordam}, J.~E. and {Norden}, M. and {Noutsos}, A. and {Offringa}, A.~R. and 
	{Olofsson}, H. and {Omar}, A. and {Orr{\'u}}, E. and {Overeem}, R. and 
	{Paas}, H. and {Pandey-Pommier}, M. and {Pandey}, V.~N. and 
	{Pizzo}, R. and {Polatidis}, A. and {Rafferty}, D. and {Rawlings}, S. and 
	{Reich}, W. and {de Reijer}, J.-P. and {Reitsma}, J. and {Renting}, G.~A. and 
	{Riemers}, P. and {Rol}, E. and {Romein}, J.~W. and {Roosjen}, J. and 
	{Ruiter}, M. and {Scaife}, A. and {van der Schaaf}, K. and {Scheers}, B. and 
	{Schellart}, P. and {Schoenmakers}, A. and {Schoonderbeek}, G. and 
	{Serylak}, M. and {Shulevski}, A. and {Sluman}, J. and {Smirnov}, O. and 
	{Sobey}, C. and {Spreeuw}, H. and {Steinmetz}, M. and {Sterks}, C.~G.~M. and 
	{Stiepel}, H.-J. and {Stuurwold}, K. and {Tagger}, M. and {Tang}, Y. and 
	{Tasse}, C. and {Thomas}, I. and {Thoudam}, S. and {Toribio}, M.~C. and 
	{van der Tol}, B. and {Usov}, O. and {van Veelen}, M. and {van der Veen}, A.-J. and 
	{ter Veen}, S. and {Verbiest}, J.~P.~W. and {Vermeulen}, R. and 
	{Vermaas}, N. and {Vocks}, C. and {Vogt}, C. and {de Vos}, M. and 
	{van der Wal}, E. and {van Weeren}, R. and {Weggemans}, H. and 
	{Weltevrede}, P. and {White}, S. and {Wijnholds}, S.~J. and 
	{Wilhelmsson}, T. and {Wucknitz}, O. and {Yatawatta}, S. and 
	{Zarka}, P. and {Zensus}, A. and {van Zwieten}, J.},
    title = "{LOFAR: The LOw-Frequency ARray}",
  journal = {\aap},
archivePrefix = "arXiv",
   eprint = {1305.3550},
 primaryClass = "astro-ph.IM",
 keywords = {instrumentation: interferometers, radio continuum: general, radio lines: general, dark ages, reionization, first stars, telescopes},
     year = 2013,
    month = aug,
   volume = 556,
      eid = {A2},
    pages = {A2},
      doi = {10.1051/0004-6361/201220873},
   adsurl = {http://adsabs.harvard.edu/abs/2013A%26A...556A...2V},
  adsnote = {Provided by the SAO/NASA Astrophysics Data System}
}

@ARTICLE{2016ExA....41..271R,
   author = {{Rajan}, R.~T. and {Boonstra}, A.-J. and {Bentum}, M. and {Klein-Wolt}, M. and 
	{Belien}, F. and {Arts}, M. and {Saks}, N. and {van der Veen}, A.-J.
	},
    title = "{Space-based aperture array for ultra-long wavelength radio astronomy}",
  journal = {Experimental Astronomy},
archivePrefix = "arXiv",
   eprint = {1505.04711},
 primaryClass = "astro-ph.IM",
 keywords = {Radio astronomy, Ultra-long wavelength, Interferometry, Feasibility study, System design},
     year = 2016,
    month = feb,
   volume = 41,
    pages = {271-306},
      doi = {10.1007/s10686-015-9486-6},
   adsurl = {http://adsabs.harvard.edu/abs/2016ExA....41..271R},
  adsnote = {Provided by the SAO/NASA Astrophysics Data System}
}


@INPROCEEDINGS{2010iska.meetE..24H,
   author = {{Henning}, P.~A. and {Ellingson}, S.~W. and {Taylor}, G.~B. and 
	{Craig}, J. and {Pihlstr{\"o}m}, Y. and {Rickard}, L.~J. and 
	{Clarke}, T.~E. and {Kassim}, N.~E. and {Cohen}, A.},
    title = "{The First Station of the Long Wavelength Array}",
booktitle = {ISKAF2010 Science Meeting},
     year = 2010,
archivePrefix = "arXiv",
   eprint = {1009.0666},
 primaryClass = "astro-ph.IM",
      eid = {24},
    pages = {24},
   adsurl = {http://adsabs.harvard.edu/abs/2010iska.meetE..24H},
  adsnote = {Provided by the SAO/NASA Astrophysics Data System}
}

@ARTICLE{2012JAI.....150004T,
   author = {{Taylor}, G.~B. and {Ellingson}, S.~W. and {Kassim}, N.~E. and 
	{Craig}, J. and {Dowell}, J. and {Wolfe}, C.~N. and {Hartman}, J. and 
	{Bernardi}, G. and {Clarke}, T. and {Cohen}, A. and {Dalal}, N.~P. and 
	{Erickson}, W.~C. and {Hicks}, B. and {Greenhill}, L.~J. and 
	{Jacoby}, B. and {Lane}, W. and {Lazio}, J. and {Mitchell}, D. and 
	{Navarro}, R. and {Ord}, S.~M. and {Pihlstr{\"o}m}, Y. and {Polisensky}, E. and 
	{Ray}, P.~S. and {Rickard}, L.~J. and {Schinzel}, F.~K. and 
	{Schmitt}, H. and {Sigman}, E. and {Soriano}, M. and {Stewart}, K.~P. and 
	{Stovall}, K. and {Tremblay}, S. and {Wang}, D. and {Weiler}, K.~W. and 
	{White}, S. and {Wood}, D.~L.},
    title = "{First Light for the First Station of the Long Wavelength Array}",
  journal = {Journal of Astronomical Instrumentation },
archivePrefix = "arXiv",
   eprint = {1206.6733},
 primaryClass = "astro-ph.IM",
 keywords = {Sun, Jupiter, pulsars, extrasolar planets, Dark Ages, long wavelength instrumentation},
     year = 2012,
    month = dec,
   volume = 1,
      eid = {1250004-284},
    pages = {1250004-284},
      doi = {10.1142/S2251171712500043},
   adsurl = {http://adsabs.harvard.edu/abs/2012JAI.....150004T},
  adsnote = {Provided by the SAO/NASA Astrophysics Data System}
}

@INPROCEEDINGS{2018AAS...23111604M,
   author = {{Monsalve}, R.~A. and {Rogers}, A.~E.~E. and {Bowman}, J.~D. and 
	{Mozdzen}, T.~J. and {Mahesh}, N.},
    title = "{Characterizing the 21-cm Signal from Neutral Hydrogen in the IGM at Redshifts 27$\gt$z$\gt$6 with EDGES}",
booktitle = {American Astronomical Society Meeting Abstracts \#231},
     year = 2018,
   series = {American Astronomical Society Meeting Abstracts},
   volume = 231,
    month = jan,
      eid = {116.04},
    pages = {116.04},
   adsurl = {http://adsabs.harvard.edu/abs/2018AAS...23111604M},
  adsnote = {Provided by the SAO/NASA Astrophysics Data System}
}

@ARTICLE{2017ApJ...844...33B,
   author = {{Burns}, J.~O. and {Bradley}, R. and {Tauscher}, K. and {Furlanetto}, S. and 
	{Mirocha}, J. and {Monsalve}, R. and {Rapetti}, D. and {Purcell}, W. and 
	{Newell}, D. and {Draper}, D. and {MacDowall}, R. and {Bowman}, J. and 
	{Nhan}, B. and {Wollack}, E.~J. and {Fialkov}, A. and {Jones}, D. and 
	{Kasper}, J.~C. and {Loeb}, A. and {Datta}, A. and {Pritchard}, J. and 
	{Switzer}, E. and {Bicay}, M.},
    title = "{A Space-based Observational Strategy for Characterizing the First Stars and Galaxies Using the Redshifted 21 cm Global Spectrum}",
  journal = {\apj},
archivePrefix = "arXiv",
   eprint = {1704.02651},
 primaryClass = "astro-ph.IM",
 keywords = {cosmology: observations, dark ages, reionization, first stars},
     year = 2017,
    month = jul,
   volume = 844,
      eid = {33},
    pages = {33},
      doi = {10.3847/1538-4357/aa77f4},
   adsurl = {http://adsabs.harvard.edu/abs/2017ApJ...844...33B},
  adsnote = {Provided by the SAO/NASA Astrophysics Data System}
}

@ARTICLE{2018arXiv180609531P,
   author = {{Philip}, L. and {Abdurashidova}, Z. and {Chiang}, H.~C. and 
	{Ghazi}, N. and {Gumba}, A. and {Heilgendorff}, H.~M. and {Hickish}, J. and 
	{J{\'a}uregui-Garc{\'{\i}}a}, J.~M. and {Malepe}, K. and {Nunhokee}, C.~D. and 
	{Peterson}, J. and {Sievers}, J.~L. and {Simes}, V. and {Spann}, R.
	},
    title = "{Probing Radio Intensity at high-Z from Marion: 2017 Instrument}",
  journal = {ArXiv e-prints},
archivePrefix = "arXiv",
   eprint = {1806.09531},
 primaryClass = "astro-ph.IM",
 keywords = {Astrophysics - Instrumentation and Methods for Astrophysics},
     year = 2018,
    month = jun,
   adsurl = {http://adsabs.harvard.edu/abs/2018arXiv180609531P},
  adsnote = {Provided by the SAO/NASA Astrophysics Data System}
}

@ARTICLE{2018AJ....156...32E,
   author = {{Eastwood}, M.~W. and {Anderson}, M.~M. and {Monroe}, R.~M. and 
	{Hallinan}, G. and {Barsdell}, B.~R. and {Bourke}, S.~A. and 
	{Clark}, M.~A. and {Ellingson}, S.~W. and {Dowell}, J. and {Garsden}, H. and 
	{Greenhill}, L.~J. and {Hartman}, J.~M. and {Kocz}, J. and {Lazio}, T.~J.~W. and 
	{Price}, D.~C. and {Schinzel}, F.~K. and {Taylor}, G.~B. and 
	{Vedantham}, H.~K. and {Wang}, Y. and {Woody}, D.~P.},
    title = "{The Radio Sky at Meter Wavelengths: m-mode Analysis Imaging with the OVRO-LWA}",
  journal = {\aj},
archivePrefix = "arXiv",
   eprint = {1711.00466},
 primaryClass = "astro-ph.IM",
 keywords = {cosmology: observations, dark ages, reionization, first stars, radio continuum: galaxies, radio continuum: ISM},
     year = 2018,
    month = jul,
   volume = 156,
      eid = {32},
    pages = {32},
      doi = {10.3847/1538-3881/aac721},
   adsurl = {http://adsabs.harvard.edu/abs/2018AJ....156...32E},
  adsnote = {Provided by the SAO/NASA Astrophysics Data System}
}

@ARTICLE{2013MNRAS.433..639P,
   author = {{Paciga}, G. and {Albert}, J.~G. and {Bandura}, K. and {Chang}, T.-C. and 
	{Gupta}, Y. and {Hirata}, C. and {Odegova}, J. and {Pen}, U.-L. and 
	{Peterson}, J.~B. and {Roy}, J. and {Shaw}, J.~R. and {Sigurdson}, K. and 
	{Voytek}, T.},
    title = "{A simulation-calibrated limit on the H I power spectrum from the GMRT Epoch of Reionization experiment}",
  journal = {\mnras},
archivePrefix = "arXiv",
   eprint = {1301.5906},
 keywords = {intergalactic medium, cosmology: observations, diffuse radiation, radio lines: general},
     year = 2013,
    month = jul,
   volume = 433,
    pages = {639-647},
      doi = {10.1093/mnras/stt753},
   adsurl = {http://adsabs.harvard.edu/abs/2013MNRAS.433..639P},
  adsnote = {Provided by the SAO/NASA Astrophysics Data System}
}

@ARTICLE{2010AJ....139.1468P,
   author = {{Parsons}, A.~R. and {Backer}, D.~C. and {Foster}, G.~S. and 
	{Wright}, M.~C.~H. and {Bradley}, R.~F. and {Gugliucci}, N.~E. and 
	{Parashare}, C.~R. and {Benoit}, E.~E. and {Aguirre}, J.~E. and 
	{Jacobs}, D.~C. and {Carilli}, C.~L. and {Herne}, D. and {Lynch}, M.~J. and 
	{Manley}, J.~R. and {Werthimer}, D.~J.},
    title = "{The Precision Array for Probing the Epoch of Re-ionization: Eight Station Results}",
  journal = {\aj},
archivePrefix = "arXiv",
   eprint = {0904.2334},
 keywords = {cosmology: observations, instrumentation: interferometers, radio continuum: general, techniques: interferometric, site testing, telescopes},
     year = 2010,
    month = apr,
   volume = 139,
    pages = {1468-1480},
      doi = {10.1088/0004-6256/139/4/1468},
   adsurl = {http://adsabs.harvard.edu/abs/2010AJ....139.1468P},
  adsnote = {Provided by the SAO/NASA Astrophysics Data System}
}

@ARTICLE{2017PASP..129d5001D,
   author = {{DeBoer}, D.~R. and {Parsons}, A.~R. and {Aguirre}, J.~E. and 
	{Alexander}, P. and {Ali}, Z.~S. and {Beardsley}, A.~P. and 
	{Bernardi}, G. and {Bowman}, J.~D. and {Bradley}, R.~F. and 
	{Carilli}, C.~L. and {Cheng}, C. and {de Lera Acedo}, E. and 
	{Dillon}, J.~S. and {Ewall-Wice}, A. and {Fadana}, G. and {Fagnoni}, N. and 
	{Fritz}, R. and {Furlanetto}, S.~R. and {Glendenning}, B. and 
	{Greig}, B. and {Grobbelaar}, J. and {Hazelton}, B.~J. and {Hewitt}, J.~N. and 
	{Hickish}, J. and {Jacobs}, D.~C. and {Julius}, A. and {Kariseb}, M. and 
	{Kohn}, S.~A. and {Lekalake}, T. and {Liu}, A. and {Loots}, A. and 
	{MacMahon}, D. and {Malan}, L. and {Malgas}, C. and {Maree}, M. and 
	{Martinot}, Z. and {Mathison}, N. and {Matsetela}, E. and {Mesinger}, A. and 
	{Morales}, M.~F. and {Neben}, A.~R. and {Patra}, N. and {Pieterse}, S. and 
	{Pober}, J.~C. and {Razavi-Ghods}, N. and {Ringuette}, J. and 
	{Robnett}, J. and {Rosie}, K. and {Sell}, R. and {Smith}, C. and 
	{Syce}, A. and {Tegmark}, M. and {Thyagarajan}, N. and {Williams}, P.~K.~G. and 
	{Zheng}, H.},
    title = "{Hydrogen Epoch of Reionization Array (HERA)}",
  journal = {\pasp},
archivePrefix = "arXiv",
   eprint = {1606.07473},
 primaryClass = "astro-ph.IM",
     year = 2017,
    month = apr,
   volume = 129,
   number = 4,
    pages = {045001},
      doi = {10.1088/1538-3873/129/974/045001},
   adsurl = {http://adsabs.harvard.edu/abs/2017PASP..129d5001D},
  adsnote = {Provided by the SAO/NASA Astrophysics Data System}
}

@book{book:BasicsofRA,
   title =     { Basics of Radio Astronomy for the Goldstone-Apple Valley Radio Telescope},
   author =    {{Fisher Miller},D.},
   publisher = {Jet Propulsion Laboratory Mission Execution and Automation Section Customer Integration Services Group},
   isbn =      {JPL D-13835},
   year =      {1998},
   pages =     {3-6},
   url =       {https://www2.jpl.nasa.gov/radioastronomy/radioastronomy_all.pdf}
}

@ARTICLE{1988JRASC..82...93R,
   author = {{Reber}, G.},
    title = "{A Play Entitled the Beginning of Radio Astronomy}",
  journal = {\jrasc},
     year = 1988,
    month = jun,
   volume = 82,
    pages = {93},
   adsurl = {http://adsabs.harvard.edu/abs/1988JRASC..82...93R},
  adsnote = {Provided by the SAO/NASA Astrophysics Data System}
}

@INPROCEEDINGS{CosmicStatic,
   author = {{Reber}, G.},
    title = "{Cosmic Static.}",
  journal = {IEEE Proceedings},
     year = 1942,
    month = aug,
   volume = 30,
    pages = {367 - 378},
      doi = {10.1109/JRPROC.1942.231700},
      url = {https://ieeexplore.ieee.org/abstract/document/1694527/references#references},
}

@ARTICLE{2012PASP..124.1090H,
   author = {{Hicks}, B.~C. and {Paravastu-Dalal}, N. and {Stewart}, K.~P. and 
	{Erickson}, W.~C. and {Ray}, P.~S. and {Kassim}, N.~E. and {Burns}, S. and 
	{Clarke}, T. and {Schmitt}, H. and {Craig}, J. and {Hartman}, J. and 
	{Weiler}, K.~W.},
    title = "{A Wide-Band, Active Antenna System for Long Wavelength Radio Astronomy}",
  journal = {\pasp},
archivePrefix = "arXiv",
   eprint = {1210.0506},
 primaryClass = "astro-ph.IM",
     year = 2012,
    month = oct,
   volume = 124,
    pages = {1090},
      doi = {10.1086/668121},
   adsurl = {http://adsabs.harvard.edu/abs/2012PASP..124.1090H},
  adsnote = {Provided by the SAO/NASA Astrophysics Data System}
}

@book{book:RA,
   title =     {Radio Astronomy},
   author =    {John D. Kraus},
   publisher = {Powell, Ohio: Cygnus - Quasar Books, Durham},
   year =      {1986},
   edition =   {2nd edition},
}

@article{10.2307/530765,
 ISSN = {00359149},
 URL = {http://www.jstor.org/stable/530765},
 author = {A. C. B. Lovell},
 journal = {Notes and Records of the Royal Society of London},
 number = {1},
 pages = {65--68},
 publisher = {The Royal Society},
 title = {The Investigation of the Universe by Radio Astronomy: Synopsis},
 volume = {16},
 year = {1961}
}

@ARTICLE{2014ApJ...782...66P,
   author = {{Pober}, J.~C. and {Liu}, A. and {Dillon}, J.~S. and {Aguirre}, J.~E. and 
	{Bowman}, J.~D. and {Bradley}, R.~F. and {Carilli}, C.~L. and 
	{DeBoer}, D.~R. and {Hewitt}, J.~N. and {Jacobs}, D.~C. and 
	{McQuinn}, M. and {Morales}, M.~F. and {Parsons}, A.~R. and 
	{Tegmark}, M. and {Werthimer}, D.~J.},
    title = "{What Next-generation 21 cm Power Spectrum Measurements can Teach us About the Epoch of Reionization}",
  journal = {\apj},
archivePrefix = "arXiv",
   eprint = {1310.7031},
 keywords = {dark ages, reionization, first stars, techniques: interferometric},
     year = 2014,
    month = feb,
   volume = 782,
      eid = {66},
    pages = {66},
      doi = {10.1088/0004-637X/782/2/66},
   adsurl = {http://adsabs.harvard.edu/abs/2014ApJ...782...66P},
  adsnote = {Provided by the SAO/NASA Astrophysics Data System}
}

@ARTICLE{Memo28,
   author = {{Ellingson}, S. and {Kramer}, W.~T.},
    title = "{Designing a Sky-Noise-Limited Receiver for LWA}",
  journal = {Long Wavelength Array Memo (28)},
     year = 2004,
    month = Sept,
   url = {https://www.faculty.ece.vt.edu/swe/lwa/memo/lwa0028.pdf},
}

@ARTICLE{Memo27,
   author = {{Ellingson}, S.~W.},
    title = "{Receivers for Low-Frequency Radio Astronomy}",
  journal = {Long Wavelength Array Memo (27)},
     year = 2005,
   url = {https://www.faculty.ece.vt.edu/swe/lwa/memo/lwa0027.pdf},
}

@ARTICLE{Memo35,
   author = {{Ray}, P.~S. and {Ellingson}, S.~W. and {Fisher}, R. and {Kassim}, N.~E. and {Rickard}, L.~J. and {Clarke}, T.},
    title = "{A Strawman Design for the Long Wavelength Array Stations}",
  journal = {Long Wavelength Array Memo (35)},
     year = 2006,
    month = April
   url = {https://www.faculty.ece.vt.edu/swe/lwa/memo/lwa0035.pdf},
}

@book{book:Stuart,
   title =     {An Introduction to High Frequency Small-Signal Amplifier Design},
   author =    {{MacPherson}, S.~D.},
   year =      {2009},
}

@online{Planck,
  author = {{Odenwald}, S.},
  title = "{The Planck Era}",
  year = 2017,
  url = "{http://sten.astronomycafe.net/planck-era/}",
  note = {Accessed: 2018-11-24}
}


@article{article,
author = {George, Martin and Orchiston, Wayne and Slee, Bruce and Wielebinski, Richard},
year = {2015},
month = {01},
pages = {14-22},
title = {THE HISTORY OF EARLY LOW FREQUENCY RADIO ASTRONOMY IN AUSTRALIA. 2: TASMANIA},
volume = {18},
journal = {Journal of Astronomical History and Heritage}
}

@ARTICLE{1988A&A...195..372W,
   author = {{Weiler}, K.~W. and {Johnston}, K.~J. and {Simon}, R.~S. and 
	{Dennison}, B.~K. and {Erickson}, W.~C. and {Kaiser}, M.~L. and 
	{Cane}, H.~V. and {Desch}, M.~D.},
    title = "{A low frequency radio array for space}",
  journal = {\aap},
 keywords = {Low Frequencies, Phased Arrays, Radio Telescopes, Interferometry, Interstellar Gas, Plasma Oscillations, Radio Sources (Astronomy)},
     year = 1988,
    month = apr,
   volume = 195,
    pages = {372-379},
   adsurl = {http://adsabs.harvard.edu/abs/1988A%26A...195..372W},
  adsnote = {Provided by the SAO/NASA Astrophysics Data System}
}

@ARTICLE{1975A&A....40..365A,
   author = {{Alexander}, J.~K. and {Kaiser}, M.~L. and {Novaco}, J.~C. and 
	{Grena}, F.~R. and {Weber}, R.~R.},
    title = "{Scientific instrumentation of the Radio-Astronomy-Explorer-2 satellite}",
  journal = {\aap},
 keywords = {Lunar Occultation, Radio Astronomy Explorer Satellite, Satellite-Borne Instruments, Spaceborne Astronomy, Antenna Design, Dipole Antennas, Explorer 38 Satellite, Radio Receivers, Satellite Antennas, Solar Radio Bursts},
     year = 1975,
    month = may,
   volume = 40,
    pages = {365-371},
   adsurl = {http://adsabs.harvard.edu/abs/1975A%26A....40..365A},
  adsnote = {Provided by the SAO/NASA Astrophysics Data System}
}


@ARTICLE{1999A&AS..137....7R,
   author = {{Roger}, R.~S. and {Costain}, C.~H. and {Landecker}, T.~L. and 
	{Swerdlyk}, C.~M.},
    title = "{The radio emission from the Galaxy at 22 MHz}",
  journal = {\aaps},
   eprint = {astro-ph/9902213},
 keywords = {GALAXY: STRUCTURE, RADIO CONTINUUM: GENERAL, ISM},
     year = 1999,
    month = may,
   volume = 137,
    pages = {7-19},
      doi = {10.1051/aas:1999239},
   adsurl = {http://adsabs.harvard.edu/abs/1999A%26AS..137....7R},
  adsnote = {Provided by the SAO/NASA Astrophysics Data System}
}

@ARTICLE{2018AJ....156...32E,
   author = {{Eastwood}, M.~W. and {Anderson}, M.~M. and {Monroe}, R.~M. and 
	{Hallinan}, G. and {Barsdell}, B.~R. and {Bourke}, S.~A. and 
	{Clark}, M.~A. and {Ellingson}, S.~W. and {Dowell}, J. and {Garsden}, H. and 
	{Greenhill}, L.~J. and {Hartman}, J.~M. and {Kocz}, J. and {Lazio}, T.~J.~W. and 
	{Price}, D.~C. and {Schinzel}, F.~K. and {Taylor}, G.~B. and 
	{Vedantham}, H.~K. and {Wang}, Y. and {Woody}, D.~P.},
    title = "{The Radio Sky at Meter Wavelengths: m-mode Analysis Imaging with the OVRO-LWA}",
  journal = {\aj},
archivePrefix = "arXiv",
   eprint = {1711.00466},
 primaryClass = "astro-ph.IM",
 keywords = {cosmology: observations, dark ages, reionization, first stars, radio continuum: galaxies, radio continuum: ISM},
     year = 2018,
    month = jul,
   volume = 156,
      eid = {32},
    pages = {32},
      doi = {10.3847/1538-3881/aac721},
   adsurl = {http://adsabs.harvard.edu/abs/2018AJ....156...32E},
  adsnote = {Provided by the SAO/NASA Astrophysics Data System}
}

@ARTICLE{2004PhRvL..92u1301L,
   author = {{Loeb}, A. and {Zaldarriaga}, M.},
    title = "{Measuring the Small-Scale Power Spectrum of Cosmic Density Fluctuations through 21cm Tomography Prior to the Epoch of Structure Formation}",
  journal = {Physical Review Letters},
   eprint = {astro-ph/0312134},
 keywords = {Background radiations, Radiative transfer, scattering, Galaxy groups clusters and superclusters, large scale structure of the Universe, Observational cosmology},
     year = 2004,
    month = may,
   volume = 92,
   number = 21,
      eid = {211301},
    pages = {211301},
      doi = {10.1103/PhysRevLett.92.211301},
   adsurl = {http://adsabs.harvard.edu/abs/2004PhRvL..92u1301L},
  adsnote = {Provided by the SAO/NASA Astrophysics Data System}
}

\end{thebibliography}
\end{document}	
	
	

